@misc{McRae2014,
  title = {Automated generation and symbolic manipulation of tensor product finite elements},
  author = {Andrew T. T. McRae and Gheorge-Teodor Bercea and Lawrence Mitchell and David A. Ham and Colin J. Cotter},
  howpublished = {\url{http://arxiv.org/abs/1411.2940}},
  year = {2014}
}
