@article{Verfurth1984,
  title={A multilevel algorithm for mixed problems},
  author={Verf{\"u}rth, R{\"u}diger},
  journal={SIAM journal on numerical analysis},
  volume={21},
  number={2},
  pages={264--271},
  year={1984},
  publisher={SIAM}
}

@incollection{Ewing1990,
  title={Preconditioning indefinite systems arising from mixed finite element discretization of second-order elliptic problems},
  author={Ewing, Richard E and Lazarov, Raytcho D and Lu, Peng and Vassilevski, Panayot S},
  booktitle={Preconditioned Conjugate Gradient Methods},
  pages={28--43},
  year={1990},
  publisher={Springer}
}

@article{Braess1997,
  title={{An efficient smoother for the Stokes problem}},
  author={Braess, Dietrich and Sarazin, Regina},
  journal={Applied Numerical Mathematics},
  volume={23},
  number={1},
  pages={3--19},
  year={1997},
  publisher={Elsevier}
}

@article{Beckie1993,
  title={Mixed finite element simulation of saturated groundwater flow using a multigrid accelerated domain decomposition technique},
  author={Beckie, Roger and Wood, Eric F and Aldama, Alvaro A},
  journal={Water resources research},
  volume={29},
  number={9},
  pages={3145--3157},
  year={1993},
  publisher={Wiley Online Library}
}

@article{Brenner1992,
  title={{A multigrid algorithm for the lowest-order Raviart-Thomas mixed triangular finite element method}},
  author={Brenner, Susanne C},
  journal={SIAM journal on numerical analysis},
  volume={29},
  number={3},
  pages={647--678},
  year={1992},
  publisher={SIAM}
}

@article{Wagner95,
    author = {C. Wagner and W. Kinzelbach and G. Wittum},
    title = {{Schur-Complement Multigrid - A Robust Method for Groundwater Flow and Transport Problems}},
    journal = {Numer. Math},
    year = {1995},
    volume = {75},
    pages = {523--545}
}

@unpublished{Thuburn2013,
  author={{John Thuburn}},
  title = {{Mass lumping and optimization of operator inverses for a primal-dual mixed finite element shallow water code}},
  year = {2013},
  month = {{Feb}}
}

@article{Hemker1990,
  title = "On the order of prolongations and restrictions in multigrid procedures ",
  journal = "Journal of Computational and Applied Mathematics ",
  volume = "32",
  number = "3",
  pages = "423 - 429",
  year = "1990",
  note = "",
  issn = "0377-0427",
  doi = "http://dx.doi.org/10.1016/0377-0427(90)90047-4",
  url = "http://www.sciencedirect.com/science/article/pii/0377042790900474",
  author = "P.W. Hemker",
  keywords = "Multigrid methods",
  keywords = "transfer operators "
}

@article{Wilson2010,
year={2010},
issn={1420-0597},
journal={Computational Geosciences},
volume={14},
number={2},
doi={10.1007/s10596-009-9152-z},
title={{Multigrid preconditioned conjugate-gradient solver for mixed finite-element method}},
url={http://dx.doi.org/10.1007/s10596-009-9152-z},
publisher={Springer Netherlands},
keywords={Mixed finite element method; Lowest-order Raviartâ€“Thomas; Subsurface flow; Multigrid; Distorted grids; Conjugate gradient; Nested iteration},
author={Wilson, John David and Naff, Richard L.},
pages={289-299},
language={English}
}